% Encoding: UTF-8

@Article{,
}

@Article{FarhiTirole2012,
  author    = {Emmanuel Farhi and Jean Tirole},
  title     = {Collective Moral Hazard, Maturity Mismatch, and Systemic Bailouts},
  doi       = {10.1257/aer.102.1.60},
  number    = {1},
  pages     = {60--93},
  volume    = {102},
  journal   = {American Economic Review},
  month     = {feb},
  publisher = {American Economic Association},
  year      = {2012},
}

@Article{Walther2016,
  author    = {Ansgar Walther},
  title     = {Jointly Optimal Regulation of Bank Capital and Liquidity},
  doi       = {10.1111/jmcb.12305},
  number    = {2-3},
  pages     = {415--448},
  volume    = {48},
  journal   = {Journal of Money, Credit and Banking},
  month     = {mar},
  publisher = {Wiley},
  year      = {2016},
}

@Comment{jabref-meta: databaseType:biblatex;}
