% Encoding: UTF-8

@Article{Rubinzal2013,
  author = {Rubinzal, Diego},
  title  = {Historia económica argentina (1880-2009)},
  year   = {2013},
  pages  = {532--534},
}

@Article{MehranThakor2010,
  author  = {Mehran, Hamid and Thakor, Anjad},
  journal = {The Review of Financial Studies},
  title   = {Bank Capital and Value in the Cross-Section},
  year    = {2010},
}

@Article{McCandlessGabrielliRouillet2003,
  author  = {McCandless, George and Gabrielli, Florencia and Rouillet, Josefina},
  journal = {Revista de Análisis Económico},
  title   = {Determining the Causes of Bank Runs in Argentina During the Crisis of 2001},
  year    = {2003},
}

@Article{IvashinaScharfstein2010,
  author  = {Ivashina, Victoria and Scharfstein, David},
  journal = {Journal of Financial Economics},
  title   = {Bank lending during the financial crisis of 2008},
  year    = {2010},
}

@Article{Dutto2016,
  author = {Giolongo, Martin Dutto},
  title  = {The Argentine Financial System. Main Features and Recent Trends},
  year   = {2016},
}

@Article{GerchunoffLlach2007,
  author = {Gerchunoff, Pablo and Llach, Lucas},
  title  = {El ciclo de la ilusión y el desencanto. Un siglo de políticas económicas argentinas},
  year   = {2007},
  pages  = {449},
}

@Article{DiamondRajan2001,
  author  = {Diamond, Douglas W. and Rajan, Raghuram G.},
  journal = {Journal of Political Economy},
  title   = {Liquidity Risk, Liquidity Creation, and Financial Fragility: A Theory of Banking},
  year    = {2001},
}

@Article{Cavallo2012,
  author  = {Cavallo, Alberto},
  journal = {Journal of Monetary Economics},
  title   = {Online and official price indexes: Measuring Argentina's inflation},
  year    = {2012},
  url     = {https://doi.org/10.1016/j.jmoneco.2012.10.002},
}

@Article{BergerBouwman2013,
  author  = {Berger, Allen and Bouwman, Christa},
  journal = {Journal of Financial Economics},
  title   = {How does capital affect bank performance during financial crises?},
  year    = {2013},
}

@Article{Ashcraft2001,
  author = {Ashcraft, Adam},
  title  = {Do Tougher Bank Capital Requirements Matter? New Evidence from the Eighties},
  year   = {2001},
}

@Article{Arena2005,
  author = {Arena, Marcos},
  title  = {Bank Failures and Bank Fundamentals Comparative Analysis Latin America East Asia, Bank of Canada},
  year   = {2005},
}

@Article{AnastasiBalzarotti2012,
  author  = {Anastasi, Alejandra and Balzarotti, Verónica},
  journal = {BCRA Ensayos Económicos},
  title   = {¿Colchones contables o de liquidez? Los riesgos de subestimar aspectos financieros de las reglas anticíclicas},
  year    = {2012},
}

@Article{Altman2014,
  author = {Altman, Edward and Cizel, Janko and Rijken, Herbert},
  title  = {Anatomy of Bank Distress: The Information Content of Accounting Fundamentals Within and Across Countries},
  year   = {2014},
}

@Article{AllenCarlettiMarquez2009,
  author  = {Allen, Franklin and Carletti, Elena and Marquez, Robert},
  journal = {The Review of Financial Studies},
  title   = {Credit Market Competition and Capital Regulation},
  year    = {2009},
}

@Article{Begenau2020,
  author    = {Juliane Begenau},
  journal   = {Journal of Financial Economics},
  title     = {Capital requirements, risk choice, and liquidity provision in a business-cycle model},
  year      = {2020},
  month     = {may},
  number    = {2},
  pages     = {355--378},
  volume    = {136},
  doi       = {10.1016/j.jfineco.2019.10.004},
  publisher = {Elsevier {BV}},
}

@Comment{jabref-meta: databaseType:bibtex;}
